@article{alam2023iot,
  title={IoT based smart baby monitoring system with emotion recognition using machine learning},
  author={Alam, Hina and Burhan, Muhammad and Gillani, Anusha and Haq, Ihtisham ul and Arshed, Muhammad Asad and Shafi, Muhammad and Ahmad, Saeed},
  journal={Wireless Communications and Mobile Computing},
  volume={2023},
  number={1},
  pages={1175450},
  year={2023},
  publisher={Wiley Online Library}
}
@article{Kumar2023,
  title = {Smart Infant Baby Monitoring System Using IOT},
  volume = {11},
  ISSN = {2321-9653},
  url = {http://dx.doi.org/10.22214/ijraset.2023.50764},
  DOI = {10.22214/ijraset.2023.50764},
  number = {4},
  journal = {International Journal for Research in Applied Science and Engineering Technology},
  publisher = {International Journal for Research in Applied Science and Engineering Technology (IJRASET)},
  author = {Kumar,  M Ravi and Harshitha,  D. and Prathyusha,  A. Siva and Sangeetha,  Ch. and Rao,  Ch. Duraga and Nitesh,  D.},
  year = {2023},
  month = apr,
  pages = {3003–3008}
}
@article{mishra2018development,
  title={Development of RTOs based internet connected baby monitoring system},
  author={Mishra, Suman},
  journal={Indian Journal of Public Health Research Development},
  volume={9},
  number={2},
  pages={345},
  year={2018}
}

@INPROCEEDINGS{10578217,
  author={Hapsari, Diajeng Tyas Purwa and Nataliani, Yessica and Sembiring, Irwan and Wahyono, Teguh},
  booktitle={2024 International Conference on Smart Computing, IoT and Machine Learning (SIML)}, 
  title={Smart Caregiving Support Cloud Integration Systems}, 
  year={2024},
  volume={},
  number={},
  pages={167-173},
  keywords={Cloud computing;Pediatrics;Accuracy;Computational modeling;Scalability;Machine learning;Real-time systems;Infant cry analysis;ESP8266 WiFi module;real-time;smart caregiving support;infant health},
  doi={10.1109/SIML61815.2024.10578217}}
@inproceedings{el2014literature,
  title={A literature review on cloud computing adoption issues in enterprises},
  author={El-Gazzar, Rania Fahim},
  booktitle={Creating Value for All Through IT: IFIP WG 8.6 International Conference on Transfer and Diffusion of IT, TDIT 2014, Aalborg, Denmark, June 2-4, 2014. Proceedings},
  pages={214--242},
  year={2014},
  organization={Springer}
}
@inproceedings{aktacs2016real,
  title={Real time infant health monitoring system for hard of hearing parents},
  author={Akta{\c{s}}, Faruk and Kavu{\c{s}}, Emre and Kavu{\c{s}}, Yunus},
  booktitle={2016 Medical Technologies National Congress (TIPTEKNO)},
  pages={1--4},
  year={2016},
  organization={IEEE}
}
@article{Singh2021,
  title = {IOT Based Baby Monitoring System},
  volume = {9},
  ISSN = {2321-9653},
  url = {http://dx.doi.org/10.22214/ijraset.2021.39699},
  DOI = {10.22214/ijraset.2021.39699},
  number = {12},
  journal = {International Journal for Research in Applied Science and Engineering Technology},
  publisher = {International Journal for Research in Applied Science and Engineering Technology (IJRASET)},
  author = {Singh,  Yash},
  year = {2021},
  month = dec,
  pages = {2184–2190}
}
@article{Hossain2023,
  title = {Internet of Things in Pregnancy Care Coordination and Management: A Systematic Review},
  volume = {23},
  ISSN = {1424-8220},
  url = {http://dx.doi.org/10.3390/s23239367},
  DOI = {10.3390/s23239367},
  number = {23},
  journal = {Sensors},
  publisher = {MDPI AG},
  author = {Hossain,  Mohammad Mobarak and Kashem,  Mohammod Abul and Islam,  Md. Monirul and Sahidullah,  Md. and Mumu,  Sumona Hoque and Uddin,  Jia and Aray,  Daniel Gavilanes and de la Torre Diez,  Isabel and Ashraf,  Imran and Samad,  Md Abdus},
  year = {2023},
  month = nov,
  pages = {9367}
}
@INPROCEEDINGS{9454187,
  author={Ishtiaq Salehin, H. M. and Anjum Joy, Quazi Rubayet and Zuhra Aparna, Fatima Tuz and Ridwan, Ahnaf Tahmid and Khan, Riasat},
  booktitle={2021 IEEE World AI IoT Congress (AIIoT)}, 
  title={Development of an IoT based Smart Baby Monitoring System with Face Recognition}, 
  year={2021},
  volume={},
  number={},
  pages={0292-0296},
  keywords={Pediatrics;Microcontrollers;Face recognition;Moisture;Humidity;Cameras;Real-time systems;Arduino Mega;Baby Monitoring System;Cloud Server;Face Recognition;GSM module;Raspberry Pi;Real-Time Streaming},
  doi={10.1109/AIIoT52608.2021.9454187}}
@INPROCEEDINGS{9442022,
  author={Joseph, Senoj and Gautham.J, Ajay and Kumar, Akshaya and Harish Babu, M.K},
  booktitle={2021 7th International Conference on Advanced Computing and Communication Systems (ICACCS)}, 
  title={IOT Based Baby Monitoring System Smart Cradle}, 
  year={2021},
  volume={1},
  number={},
  pages={748-751},
  keywords={Temperature sensors;Pediatrics;Visualization;Technological innovation;Surveillance;Insurance;Cameras;Baby cradle;crying pattern;IOT},
  doi={10.1109/ICACCS51430.2021.9442022}}
@INPROCEEDINGS{10187295,
  author={Singh, Gurpreet and Shekhar, Abhishek Raj and Yu, Xinrui and Saniie, Jafar},
  booktitle={2023 IEEE International Conference on Electro Information Technology (eIT)}, 
  title={Smart Infant Monitoring System Using Computer Vision and AI}, 
  year={2023},
  volume={},
  number={},
  pages={1-6},
  keywords={Deep learning;Pediatrics;Computer vision;Speech recognition;Cameras;Real-time systems;Artificial intelligence;infant monitoring system;deep learning;face detection;pose detection;jetson nano;computer vision},
  doi={10.1109/eIT57321.2023.10187295}}
  @INPROCEEDINGS{9292052,
  author={Okuno, Ayaka and Ishikawa, Takaaki and Watanabe, Hiroshi},
  booktitle={2020 IEEE 9th Global Conference on Consumer Electronics (GCCE)}, 
  title={Rollover Detection of Infants Using Posture Estimation Model}, 
  year={2020},
  volume={},
  number={},
  pages={490-493},
  keywords={Surveillance;Rollover;Estimation;Cameras;Turning;Motion pictures;Consumer electronics;OpenPose;CPN;deep learning;Sleep Behavior in Infants},
  doi={10.1109/GCCE50665.2020.9292052}}
  @misc{googleCloudComputing,
	author = {},
	title = {{C}loud {C}omputing {S}ervices | {G}oogle {C}loud --- cloud.google.com},
	howpublished = {\url{https://cloud.google.com/?hl=en}},
	year = {},
	note = {[Accessed 20-10-2024]},
}
@misc{googleFirebaseDocumentation,
	author = {},
	title = {{F}irebase {D}ocumentation --- firebase.google.com},
	howpublished = {\url{https://firebase.google.com/docs}},
	year = {},
	note = {[Accessed 20-10-2024]},
}
@misc{reactnativeIntroductionReact,
	author = {},
	title = {{I}ntroduction · {R}eact {N}ative --- reactnative.dev},
	howpublished = {\url{https://reactnative.dev/docs/getting-started}},
	year = {},
	note = {[Accessed 21-10-2024]},
}